<record><leader>00000cas a22000007a 4500</leader><controlfield tag="001">37326921</controlfield><controlfield tag="008">970721d19011961okuwr n       0    0eng d</controlfield><datafield ind1=" " ind2=" " tag="010"><subfield code="a">sn 97070100 </subfield></datafield><datafield ind1=" " ind2=" " tag="040"><subfield code="a">OBN</subfield><subfield code="b">eng</subfield><subfield code="c">OBN</subfield><subfield code="d">OCLCQ</subfield><subfield code="d">OCLCO</subfield></datafield><datafield ind1="1" ind2=" " tag="029"><subfield code="a">AU@</subfield><subfield code="b">000013409330</subfield></datafield><datafield ind1=" " ind2=" " tag="042"><subfield code="a">msc</subfield></datafield><datafield ind1=" " ind2=" " tag="043"><subfield code="a">n-us-ok</subfield></datafield><datafield ind1="0" ind2="4" tag="245"><subfield code="a">The Anadarko tribune.</subfield></datafield><datafield ind1=" " ind2=" " tag="260"><subfield code="a">Anadarko, O.T. [Okla.] :</subfield><subfield code="b">Spivey, Dutton &amp; Turner</subfield></datafield><datafield ind1=" " ind2=" " tag="300"><subfield code="a">v.</subfield></datafield><datafield ind1=" " ind2=" " tag="310"><subfield code="a">Weekly</subfield></datafield><datafield ind1="0" ind2=" " tag="362"><subfield code="a">Vol. 1, no. 1 (Aug. 9, 1901)-v. 62, no. 13 (Oct. 19, 1961).</subfield></datafield><datafield ind1=" " ind2=" " tag="580"><subfield code="a">Daily eds.: Evening tribune (Anadarko, Okla.), Sep.-Nov 1901, and: Anadarko evening tribune, Nov. 1901-Dec. 31, 1902.</subfield></datafield><datafield ind1=" " ind2="0" tag="651"><subfield code="a">Anadarko (Okla.)</subfield><subfield code="v">Newspapers.</subfield></datafield><datafield ind1=" " ind2="0" tag="651"><subfield code="a">Caddo County (Okla.)</subfield><subfield code="v">Newspapers.</subfield></datafield><datafield ind1=" " ind2="0" tag="651"><subfield code="a">Oklahoma Territory (Okla.)</subfield><subfield code="v">Newspapers.</subfield></datafield><datafield ind1=" " ind2=" " tag="752"><subfield code="a">United States</subfield><subfield code="b">Oklahoma</subfield><subfield code="c">Caddo</subfield><subfield code="d">Anadarko.</subfield></datafield><datafield ind1="0" ind2=" " tag="775"><subfield code="t">Evening tribune (Anadarko, Okla.)</subfield><subfield code="w">(DLC)sn 97070101</subfield><subfield code="w">(OCoLC)37326969</subfield></datafield><datafield ind1="0" ind2=" " tag="775"><subfield code="t">Anadarko evening tribune</subfield><subfield code="w">(DLC)sn 97070102</subfield><subfield code="w">(OCoLC)37327024</subfield></datafield><datafield ind1="0" ind2="5" tag="780"><subfield code="t">Caddo County times</subfield><subfield code="w">(DLC)sn 97070073</subfield><subfield code="w">(OCoLC)37323568</subfield></datafield><datafield ind1="0" ind2="0" tag="785"><subfield code="t">Caddo County tribune</subfield><subfield code="w">(DLC)sn 97070103</subfield><subfield code="w">(OCoLC)37327064</subfield></datafield></record>